
@mastersthesis{skomedal_improving_2022,
  title  = {Improving quantitative {EDS} of {III}-{V} heterostructure semiconductors in low voltage {STEM}},
  author = {Skomedal, Mari  Sofie},
  school = {Norwegian University of Science and Technology},
  year   = {2022}
}

@book{hollas_modern_2004,
  address   = {Chichester ; Hoboken, NJ},
  edition   = {4th ed},
  title     = {Modern spectroscopy},
  isbn      = {978-0-470-84415-1 978-0-470-84416-8},
  language  = {en},
  publisher = {J. Wiley},
  author    = {Hollas, J. Michael},
  year      = {2004},
  keywords  = {Spectrum analysis, EDS}
}

@mastersthesis{lundeby_improving_2019,
  title  = {Improving the accuracy of {TEM}-{EDX} quantification by implementing the zeta-factor method},
  author = {Lundeby, Daniel},
  school = {Norwegian University of Science and Technology},
  year   = {2019}
}

@book{goldstein_scanning_2018,
  address   = {New York, NY},
  title     = {Scanning {Electron} {Microscopy} and {X}-{Ray} {Microanalysis}},
  isbn      = {978-1-4939-6674-5 978-1-4939-6676-9},
  url       = {http://link.springer.com/10.1007/978-1-4939-6676-9},
  language  = {en},
  urldate   = {2022-10-19},
  publisher = {Springer New York},
  author    = {Goldstein, Joseph I. and Newbury, Dale E. and Michael, Joseph R. and Ritchie, Nicholas W.M. and Scott, John Henry J. and Joy, David C.},
  year      = {2018},
  doi       = {10.1007/978-1-4939-6676-9}
}

@book{thompson_x-ray_2004,
  edition   = {2nd ed},
  title     = {X-{Ray} {Data} {Booklet}},
  language  = {en},
  publisher = {Lawrence Berkeley National Laboratory, University of California},
  author    = {Thompson, Albert C and Attwood, David T and Howells, Malcolm R and Kortright, Jeffrey B and Robinson, Arthur L and Underwood, James H and Kim, Kwang-Je and Kirz, Janos and Lindau, Ingolf and Pianetta, Piero and Winick, Herman and Williams, Gwyn P and Scofield, James H},
  year      = {2004}
}

@article{siegbahn_relations_1916,
  title   = {Relations between the {K} and {L} {Series} of the {High}-{Frequency} {Spectra}},
  volume  = {96},
  issn    = {1476-4687},
  url     = {https://doi.org/10.1038/096676b0},
  doi     = {10.1038/096676b0},
  number  = {2416},
  journal = {Nature},
  author  = {Siegbahn, Manne},
  month   = feb,
  year    = {1916},
  pages   = {676--676}
}


% accuracy in EDS (TEM) is +- 5%
@book{carter2016transmission,
  title     = {Transmission Electron Microscopy: Diffraction, Imaging, and Spectrometry},
  author    = {Carter, C.B. and Williams, D.B.},
  isbn      = {9783319266510},
  lccn      = {2016945257},
  url       = {https://books.google.no/books?id=jrnmDAAAQBAJ},
  year      = {2016},
  publisher = {Springer International Publishing}
}

@book{python,
  title     = {Python reference manual},
  author    = {Van Rossum, Guido and Drake Jr, Fred L},
  year      = {1995},
  publisher = {Centrum voor Wiskunde en Informatica Amsterdam}
}

@misc{jupyter,
  title        = {Jupyter Notebooks -- a publishing format for reproducible computational workflows},
  author       = {Thomas Kluyver and Benjamin Ragan-Kelley and Fernando P{\'e}rez and Brian Granger and Matthias Bussonnier and Jonathan Frederic and Kyle Kelley and Jessica Hamrick and Jason Grout and Sylvain Corlay and Paul Ivanov and Dami{\'a}n Avila and Safia Abdalla and Carol Willing},
  booktitle    = {Positioning and Power in Academic Publishing: Players, Agents and Agendas},
  editor       = {F. Loizides and B. Schmidt},
  organization = {IOS Press},
  pages        = {87 - 90},
  year         = {2016}
}

@misc{hyperspy_1.7.1,
  author    = {Francisco de la Peña and Eric Prestat and Vidar Tonaas Fauske and Pierre Burdet and Jonas Lähnemann and Petras Jokubauskas and Tom Furnival and Magnus Nord and Tomas Ostasevicius and Katherine E. MacArthur and Duncan N. Johnstone and Mike Sarahan and Thomas Aarholt and Joshua Taillon and pquinn-dls and Vadim Migunov and Alberto Eljarrat and Jan Caron and Carter Francis and T. Nemoto and Timothy Poon and Stefano Mazzucco and actions-user and Nicolas Tappy and Niels Cautaerts and Suhas Somnath and Tom Slater and Michael Walls and Florian Winkler and DENSmerijn},
  title     = {hyperspy/hyperspy: Release v1.7.1},
  month     = jun,
  year      = 2022,
  publisher = {Zenodo},
  version   = {v1.7.1},
  doi       = {10.5281/zenodo.6659919},
  url       = {https://doi.org/10.5281/zenodo.6659919}
}


% NumPy
@article{numpy,
  title     = {Array programming with {NumPy}},
  author    = {Charles R. Harris and K. Jarrod Millman and St{\'{e}}fan J. van der Walt and Ralf Gommers and Pauli Virtanen and David Cournapeau and Eric Wieser and Julian Taylor and Sebastian Berg and Nathaniel J. Smith and Robert Kern and Matti Picus and Stephan Hoyer and Marten H. van Kerkwijk and Matthew Brett and Allan Haldane and Jaime Fern{\'{a}}ndez del R{\'{i}}o and Mark Wiebe and Pearu Peterson and Pierre G{\'{e}}rard-Marchant and Kevin Sheppard and Tyler Reddy and Warren Weckesser and Hameer Abbasi and Christoph Gohlke and Travis E. Oliphant},
  year      = {2020},
  month     = sep,
  journal   = {Nature},
  volume    = {585},
  number    = {7825},
  pages     = {357--362},
  doi       = {10.1038/s41586-020-2649-2},
  publisher = {Springer Science and Business Media {LLC}},
  url       = {https://doi.org/10.1038/s41586-020-2649-2}
}

% SciPy
@article{2020SciPy,
  author  = {Virtanen, Pauli and Gommers, Ralf and Oliphant, Travis E. and Haberland, Matt and Reddy, Tyler and Cournapeau, David and Burovski, Evgeni and Peterson, Pearu and Weckesser, Warren and Bright, Jonathan and {van der Walt}, St{\'e}fan J. and Brett, Matthew and Wilson, Joshua and Millman, K. Jarrod and Mayorov, Nikolay and Nelson, Andrew R. J. and Jones, Eric and Kern, Robert and Larson, Eric and Carey, C J and Polat, {\.I}lhan and Feng, Yu and Moore, Eric W. and {VanderPlas}, Jake and Laxalde, Denis and Perktold, Josef and Cimrman, Robert and Henriksen, Ian and Quintero, E. A. and Harris, Charles R. and Archibald, Anne M. and Ribeiro, Ant{\^o}nio H. and Pedregosa, Fabian and {van Mulbregt}, Paul and {SciPy 1.0 Contributors}},
  title   = {{{SciPy} 1.0: Fundamental Algorithms for Scientific Computing in Python}},
  journal = {Nature Methods},
  year    = {2020},
  volume  = {17},
  pages   = {261--272},
  adsurl  = {https://rdcu.be/b08Wh},
  doi     = {10.1038/s41592-019-0686-2}
}

% plotly
@misc{plotly,
  author    = {Plotly Technologies Inc.},
  title     = {Collaborative data science},
  publisher = {Plotly Technologies Inc.},
  address   = {Montreal, QC},
  year      = {2015},
  url       = {https://plot.ly}
}


% AL-Mg-Mn-Fe-Cu alloy
@article{al_alloy,
  author  = {Wojciech, Stanisław, Ozgowicz and Kalinowska-Ozgowicz, E. and Kowalski, Aleksander and Gołombek, Klaudiusz},
  year    = {2011},
  month   = {01},
  pages   = {148-156},
  title   = {The structure and mechanical properties of Al-Mg-Mn alloys shaped in the process of thermomechanical treatment},
  volume  = {45},
  journal = {Journal of Achievements in Materials and Manufacturing Engineering}
}